<?xml version="1.0" encoding="UTF-8"?>
<record xmlns="http://www.loc.gov/MARC21/slim" xmlns:xsi="http://www.w3.org/2001/XMLSchema-instance" xsi:schemaLocation="http://www.loc.gov/MARC21/slim http://www.loc.gov/standards/marcxml/schema/MARC21slim.xsd">
<leader>00000nam a2200325 a 4500</leader>
<controlfield tag="001">001689418</controlfield>
<controlfield tag="003">NNU</controlfield>
<controlfield tag="005">20130429092918.0</controlfield>
<controlfield tag="008">001221s1885    tu      a     000 0 ara d</controlfield>
<datafield tag="035" ind1="9" ind2=" ">
<subfield code="a">NYUb12233775</subfield>
</datafield>
<datafield tag="035" ind1=" " ind2=" ">
<subfield code="a">(CStRLIN)NYUG00-B4255</subfield>
</datafield>
<datafield tag="040" ind1=" " ind2=" ">
<subfield code="a">NjP</subfield>
<subfield code="c">NjP</subfield>
<subfield code="d">NNU</subfield>
</datafield>
<datafield tag="050" ind1=" " ind2="4">
<subfield code="a">BC59</subfield>
<subfield code="b">.U7</subfield>
</datafield>
<datafield tag="066" ind1=" " ind2=" ">
<subfield code="c">(3</subfield>
</datafield>
<datafield tag="100" ind1="1" ind2=" ">
<subfield code="a">Quṭb al-Taḥtānī, Muḥammad ibn Muḥammad,</subfield>
<subfield code="d">1294 or 5-1364 or 5</subfield>
<subfield code="6">880-01</subfield>
</datafield>
<datafield tag="245" ind1="1" ind2="0">
<subfield code="6">880-02</subfield>
<subfield code="a">Lawāmiʻ al-asrār fī Sharḥ Maṭāliʻ al-Anwār.</subfield>
</datafield>
<datafield tag="260" ind1=" " ind2=" ">
<subfield code="6">880-03</subfield>
<subfield code="a">[Istanbul] :</subfield>
<subfield code="b">Maṭbaʻat al-Ḥājj Muḥarram Afandī al-Busnawī,</subfield>
<subfield code="c">1303 [1885]</subfield>
</datafield>
<datafield tag="300" ind1=" " ind2=" ">
<subfield code="a">204 p. ;</subfield>
<subfield code="c">27 cm.</subfield>
</datafield>
<datafield tag="500" ind1=" " ind2=" ">
<subfield code="a">Caption title.</subfield>
</datafield>
<datafield tag="600" ind1="1" ind2="0">
<subfield code="a">Urmawī, Sirāj al-Dīn Maḥmūd ibn Abī Bakr,</subfield>
<subfield code="d">1198-1283.</subfield>
<subfield code="t">Maṭāliʻ al-anwār.</subfield>
</datafield>
<datafield tag="650" ind1=" " ind2="0">
<subfield code="a">Logic</subfield>
<subfield code="v">Early works to 1800.</subfield>
</datafield>
<datafield tag="740" ind1="0" ind2=" ">
<subfield code="6">880-04</subfield>
<subfield code="a">Sharḥ Maṭāliʻ al-anwār.</subfield>
</datafield>
<datafield tag="740" ind1="0" ind2=" ">
<subfield code="6">880-05</subfield>
<subfield code="a">Maṭāliʻ al-anwār.</subfield>
</datafield>
<datafield tag="880" ind1="1" ind2=" ">
<subfield code="6">100-01/</subfield>
<subfield code="a">قطب التحتاني، محمد بن محمد.</subfield>
</datafield>
<datafield tag="880" ind1="1" ind2="0">
<subfield code="6">245-02/</subfield>
<subfield code="a">لوامع الاسرار في شرح مطالع الانوار.</subfield>
</datafield>
<datafield tag="880" ind1=" " ind2=" ">
<subfield code="6">260-03/</subfield>
<subfield code="a">[Istanbul] :</subfield>
<subfield code="b">مطبعة الحاج محرم افندي البسنوي،</subfield>
<subfield code="c">١٣٠٣.</subfield>
</datafield>
<datafield tag="880" ind1="0" ind2=" ">
<subfield code="6">740-04/</subfield>
<subfield code="a">شرح مطالع الانوار.</subfield>
</datafield>
<datafield tag="880" ind1="0" ind2=" ">
<subfield code="6">740-05/</subfield>
<subfield code="a">مطالع الانوار.</subfield>
</datafield>
<datafield tag="OWN" ind1=" " ind2=" ">
<subfield code="a">GENERAL</subfield>
</datafield>
<datafield tag="AVA" ind1=" " ind2=" ">
<subfield code="a">NYU50</subfield>
<subfield code="b">BOBST</subfield>
<subfield code="c">Main Collection</subfield>
<subfield code="d">BC59 .U7</subfield>
<subfield code="e">unavailable</subfield>
<subfield code="t">Unavailable</subfield>
<subfield code="f">1</subfield>
<subfield code="g">1</subfield>
<subfield code="h">N</subfield>
<subfield code="i">0</subfield>
<subfield code="j">MAIN</subfield>
<subfield code="k">0</subfield>
</datafield>
</record>
